<collection xmlns="http://www.loc.gov/MARC21/slim">
<record>
  <leader>01110nam0a2200265 i 450 </leader>
  <controlfield tag="001">IT\ICCU\CNCE\057863</controlfield>
  <controlfield tag="005">20130206000000.0</controlfield>
  <datafield tag="012" ind1=" " ind2=" ">
    <subfield code="a">o.co ioia ioia ioia (C) 1520 (Q)</subfield>
    <subfield code="2">fei</subfield>
  </datafield>
  <datafield tag="100" ind1=" " ind2=" ">
    <subfield code="a">20040429f1520        0itac0103    ba</subfield>
  </datafield>
  <datafield tag="101" ind1=" " ind2=" ">
    <subfield code="a">ITA</subfield>
  </datafield>
  <datafield tag="102" ind1=" " ind2=" ">
    <subfield code="a">IT</subfield>
  </datafield>
  <datafield tag="200" ind1="1" ind2=" ">
    <subfield code="a">Nouella del Menchione</subfield>
  </datafield>
  <datafield tag="210" ind1=" " ind2=" ">
    <subfield code="d">\circa 1520!</subfield>
    <subfield code="e">\Milano!</subfield>
    <subfield code="g">stampato ad instantia di B. Castelli</subfield>
  </datafield>
  <datafield tag="215" ind1=" " ind2=" ">
    <subfield code="a">\4! c.</subfield>
    <subfield code="d">8ʻ</subfield>
  </datafield>
  <datafield tag="300" ind1=" " ind2=" ">
    <subfield code="a">Per la data cfr.: E. Sandal, Editori e tipografi a Milano nel Cinquecento, n. 621</subfield>
  </datafield>
  <datafield tag="620" ind1=" " ind2=" ">
    <subfield code="a">IT</subfield>
    <subfield code="d">Milano</subfield>
  </datafield>
  <datafield tag="712" ind1="0" ind2="0">
    <subfield code="a">Castello, Bernardino</subfield>
    <subfield code="3">IT\ICCU\CNCT\000210</subfield>
    <subfield code="4">650</subfield>
  </datafield>
  <datafield tag="791" ind1="0" ind2="0">
    <subfield code="a">Castello, Bernardinus de</subfield>
    <subfield code="3">IT\ICCU\CNCT\004514</subfield>
    <subfield code="z">Castello, Bernardino</subfield>
  </datafield>
  <datafield tag="791" ind1="0" ind2="0">
    <subfield code="a">Castellus, Bernardinus</subfield>
    <subfield code="3">IT\ICCU\CNCT\004516</subfield>
    <subfield code="z">Castello, Bernardino</subfield>
  </datafield>
  <datafield tag="791" ind1="0" ind2="0">
    <subfield code="a">Del Castello, Bernardino</subfield>
    <subfield code="3">IT\ICCU\CNCT\004517</subfield>
    <subfield code="z">Castello, Bernardino</subfield>
  </datafield>
  <datafield tag="791" ind1="0" ind2="2">
    <subfield code="a">Bernardino da Castello</subfield>
    <subfield code="3">IT\ICCU\CNCT\004519</subfield>
    <subfield code="z">Castello, Bernardino</subfield>
  </datafield>
  <datafield tag="801" ind1=" " ind2="3">
    <subfield code="a">IT</subfield>
    <subfield code="b">ICCU</subfield>
    <subfield code="c">20201115</subfield>
  </datafield>
  <datafield tag="899" ind1=" " ind2=" ">
    <subfield code="a">Biblioteca Paolo Baffi. Roma</subfield>
    <subfield code="1">RM0324</subfield>
    <subfield code="2">ZRM 54</subfield>
  </datafield>
  <datafield tag="899" ind1=" " ind2=" ">
    <subfield code="a">British Library. London</subfield>
    <subfield code="1">UK0001</subfield>
  </datafield>
  <datafield tag="899" ind1=" " ind2=" ">
    <subfield code="a">Biblioteca nazionale Marciana. Venezia</subfield>
    <subfield code="1">VE0049</subfield>
    <subfield code="2">VEA BM</subfield>
  </datafield>
</record>
</collection>
